<record><leader>00000cas a2200000 a 4500</leader><controlfield tag="001">10455964</controlfield><controlfield tag="008">840224d19091918ksudr ne      0   a0eng d</controlfield><datafield ind1=" " ind2=" " tag="010"><subfield code="a">sn 84029089 </subfield></datafield><datafield ind1=" " ind2=" " tag="040"><subfield code="a">KSH</subfield><subfield code="b">eng</subfield><subfield code="c">KSH</subfield><subfield code="d">NPT</subfield><subfield code="d">OCL</subfield><subfield code="d">OCLCQ</subfield></datafield><datafield ind1=" " ind2=" " tag="042"><subfield code="a">msc</subfield></datafield><datafield ind1=" " ind2=" " tag="043"><subfield code="a">n-us-ks</subfield></datafield><datafield ind1="0" ind2="0" tag="245"><subfield code="a">Evening free press and the Winfield tribune.</subfield></datafield><datafield ind1=" " ind2=" " tag="260"><subfield code="a">Winfield, Kan. :</subfield><subfield code="b">Free Press Print. Co.,</subfield><subfield code="c">-1918.</subfield></datafield><datafield ind1=" " ind2=" " tag="300"><subfield code="a">v. :</subfield><subfield code="b">ill. ;</subfield><subfield code="c">54-60 cm.</subfield></datafield><datafield ind1=" " ind2=" " tag="310"><subfield code="a">Daily (except Sun.)</subfield></datafield><datafield ind1="0" ind2=" " tag="362"><subfield code="a">-v. 28, no. 179 (Dec. 3l, 1918).</subfield></datafield><datafield ind1="1" ind2=" " tag="362"><subfield code="a">Began in Jan. 1909?</subfield></datafield><datafield ind1=" " ind2=" " tag="588"><subfield code="a">Description based on: Vol. 20, no. 193 (Jan. 7, 1910).</subfield></datafield><datafield ind1=" " ind2=" " tag="752"><subfield code="a">United States</subfield><subfield code="b">Kansas</subfield><subfield code="c">Cowley</subfield><subfield code="d">Winfield.</subfield></datafield><datafield ind1="0" ind2="4" tag="780"><subfield code="t">Evening free press</subfield><subfield code="w">(DLC)sn 84029090</subfield></datafield><datafield ind1="0" ind2="4" tag="780"><subfield code="t">Winfield tribune (Winfield, Kan. : 1907)</subfield><subfield code="w">(DLC)sn 84029110</subfield></datafield><datafield ind1="0" ind2="0" tag="785"><subfield code="t">Winfield free press</subfield><subfield code="w">(DLC)sn 84029092</subfield></datafield></record>